%% This BibTeX bibliography file was created using BibDesk.
%% http://bibdesk.sourceforge.net/

%% Created for jerry at 2018-06-14 07:11:51 +0800 


%% Saved with string encoding Unicode (UTF-8) 



@inproceedings{capsnet,
	Author = {Sara Sabour and Nicholas Frosst and Geoffrey E. Hinton},
	Booktitle = {NIPS},
	Date-Added = {2018-06-13 23:11:12 +0000},
	Date-Modified = {2018-06-13 23:11:51 +0000},
	Title = {Dynamic Routing Between Capsules},
	Year = {2017}}

@inproceedings{cnn,
	Author = {K. Jarrett and K. Kavukcuogl and M. Ranzato and Y. LeCun},
	Booktitle = {International Conference on Computer Vision},
	Date-Added = {2018-06-13 16:01:52 +0000},
	Date-Modified = {2018-06-13 16:02:57 +0000},
	Title = {What is the best multi-stage architecture for object recognition?},
	Year = {2009}}

@article{LKF10,
	Author = {Y. LeCun and K. Kavukvuoglu and C. Farabet},
	Date-Added = {2018-06-13 15:58:38 +0000},
	Date-Modified = {2018-06-13 15:59:19 +0000},
	Journal = {International Symposium on Circuits and Systems},
	Title = {Convolutional networks and applications in vi- sion},
	Year = {2010}}

@article{LBD89,
	Author = {Y. LeCun and B. Boser and J. S. Denker and D. Henderson and R. E. Howard and W. Hubbard and L. D. Jackel.},
	Date-Added = {2018-06-13 15:54:11 +0000},
	Date-Modified = {2018-06-13 15:55:07 +0000},
	Journal = {Neural Computation},
	Title = {Backpropagation applied to handwritten zip code recognition},
	Year = {1989}}

@article{zhou2017deep,

title={Deep forest: Towards an alternative to deep neural networks},

author={Zhou, Zhi-Hua and Feng, Ji},

journal={arXiv preprint arXiv:1702.08835},

year={2017}

}

@inproceedings{kohavi1996scaling,

title={Scaling up the accuracy of Naive-Bayes classifiers: a decision-tree hybrid.},

author={Kohavi, Ron},

booktitle={KDD},

volume={96},

pages={202--207},

year={1996},

organization={Citeseer}

}

%%% ====================================================================

%%%  BibTeX-file{

%%%     author          = "Gerry Murray",

%%%     version         = "1.2",

%%%     date            = "2 April 2012",

%%%     filename        = "acmsmall-sample-bibfile.bib",

%%%     address         = "ACM, NY",

%%%     email           = "murray at hq.acm.org",

%%%     codetable       = "ISO/ASCII",

%%%     keywords        = "ACM Reference Format, bibliography, citation, references",

%%%     supported       = "yes",

%%%     docstring       = "This BibTeX database file contains 'bibdata' entries

%%%                        that 'match' the examples provided in the Specifications Document

%%%                        AND, also, 'legacy'-type bibs. It should assist authors in 

%%%                        choosing the 'correct' at-bibtype and necessary bib-fields

%%%                        so as to obtain the appropriate ACM Reference Format output. 

%%%			   It also contains many 'Standard Abbreviations'. "

%%%  }

%%% ====================================================================


% Journals

@article{cortes1995support,

title={Support-Vector Networks},

author={Cortes, Corinna and Vapnik, Vladimir},

journal={Machine Learning},

volume={20},

number={3},

pages={273--297},

year={1995}}


@book{cristianini1999introduction,

title="An introduction to support Vector Machines: and other kernel-based learning methods",

author="Nello {Cristianini} and John {Shawe-Taylor}",

year="1999"

}


@techreport{weston1998multi,


title={Multi-class support vector machines},


author={Weston, Jason and Watkins, Chris},


year={1998},


institution={Technical Report CSD-TR-98-04, Department of Computer Science, Royal Holloway, University of London, May}


}


@article{madzarov2009multi,


title={A multi-class SVM classifier utilizing binary decision tree},


author={Madzarov, Gjorgji and Gjorgjevikj, Dejan and Chorbev, Ivan},


journal={Informatica},


volume={33},


number={2},


year={2009}


}


@inproceedings{liu2005one,


title={One-against-all multi-class SVM classification using reliability measures},


author={Liu, Yi and Zheng, Yuan F},


booktitle={Neural Networks, 2005. IJCNN'05. Proceedings. 2005 IEEE International Joint Conference on},


volume={2},


pages={849--854},


year={2005},


organization={IEEE}


}



@article{knerr1990single,


title={Single-layer learning revisited: a stepwise procedure for building and training a neural network},


author={Knerr, Stefan and Personnaz, L{\'e}on and Dreyfus, G{\'e}rard},


journal={Neurocomputing: algorithms, architectures and applications},


volume={68},


number={41-50},


pages={71},


year={1990}


}



@article{scikit-learn,

title={Scikit-learn: Machine Learning in {P}ython},

author={Pedregosa, F. and Varoquaux, G. and Gramfort, A. and Michel, V.

and Thirion, B. and Grisel, O. and Blondel, M. and Prettenhofer, P.

and Weiss, R. and Dubourg, V. and Vanderplas, J. and Passos, A. and

Cournapeau, D. and Brucher, M. and Perrot, M. and Duchesnay, E.},

journal={Journal of Machine Learning Research},

volume={12},

pages={2825--2830},

year={2011}

}


@article{breiman2001random,


title={Random forests},


author={Breiman, Leo},


journal={Machine learning},


volume={45},


number={1},


pages={5--32},


year={2001},


publisher={Springer}


}


@book{zhou2012ensemble,


title={Ensemble methods: foundations and algorithms},


author={Zhou, Zhi-Hua},


year={2012},


publisher={CRC press}


}


@article{safavian1991survey,


title={A survey of decision tree classifier methodology},


author={Safavian, S Rasoul and Landgrebe, David},


journal={IEEE transactions on systems, man, and cybernetics},


volume={21},


number={3},


pages={660--674},


year={1991},


publisher={IEEE}


}


@book{breiman1984classification,


title={Classification and regression trees},


author={Breiman, Leo and Friedman, Jerome and Stone, Charles J and Olshen, Richard A},


year={1984},


publisher={CRC press}


}


@article{zhou2017deep,


title={Deep forest: Towards an alternative to deep neural networks},


author={Zhou, Zhi-Hua and Feng, Ji},


journal={arXiv preprint arXiv:1702.08835},


year={2017}


}


@inproceedings{he2016deep,


title={Deep residual learning for image recognition},


author={He, Kaiming and Zhang, Xiangyu and Ren, Shaoqing and Sun, Jian},


booktitle={Proceedings of the IEEE conference on computer vision and pattern recognition},


pages={770--778},


year={2016}


}


@article{hochreiter1997long,


title={Long short-term memory},


author={Hochreiter, Sepp and Schmidhuber, J{\"u}rgen},


journal={Neural computation},


volume={9},


number={8},


pages={1735--1780},


year={1997},


publisher={MIT Press}


}


@misc{chollet2015keras,


title={Keras},


author={Chollet, Fran{\c{c}}ois and others},


year={2015}


}


@article{scikit-learn,

title={Scikit-learn: Machine Learning in {P}ython},

author={Pedregosa, F. and Varoquaux, G. and Gramfort, A. and Michel, V.

and Thirion, B. and Grisel, O. and Blondel, M. and Prettenhofer, P.

and Weiss, R. and Dubourg, V. and Vanderplas, J. and Passos, A. and

Cournapeau, D. and Brucher, M. and Perrot, M. and Duchesnay, E.},

journal={Journal of Machine Learning Research},

volume={12},

pages={2825--2830},

year={2011}

}


@book{dunteman1989principal,


title={Principal components analysis},


author={Dunteman, George H},


number={69},


year={1989},


publisher={Sage}


}


@article{ng2011sparse,


title={Sparse autoencoder},


author={Ng, Andrew},


journal={CS294A Lecture notes},


volume={72},


number={2011},


pages={1--19},


year={2011}


}


@book{hosmer2013applied,


title={Applied logistic regression},


author={Hosmer Jr, David W and Lemeshow, Stanley and Sturdivant, Rodney X},


volume={398},


year={2013},


publisher={John Wiley \& Sons}


}



@article{Dropout,

Author = {N. Srivastava, G. Hinton, A. Krizhevsky, I. Sutskever, and R. Salakhutdinov},

Date-Added = {2018-01-14 08:38:50 +0000},

Date-Modified = {2018-01-14 09:02:30 +0000},

Journal = {The Journal of Machine Learning Research},

Pages = {1929--1958},

Title = {Dropout: A simple way to prevent neural networks from overfitting},

Volume = {15(1)},

Year = {2014}}


@article{Deeplearning,

Author = {Y. LeCun, Y. Bengio, and G. Hinton},

Date-Added = {2018-01-14 08:36:51 +0000},

Date-Modified = {2018-01-14 08:38:15 +0000},

Journal = {nature},

Pages = {436},

Title = {Deep learning},

Volume = {521(7553)},

Year = {2015}}


@article{PCA,

Author = {M. E. Wall, A. Rechtsteiner, and L. M. Rocha},

Date-Added = {2018-01-14 08:34:14 +0000},

Date-Modified = {2018-01-14 09:21:22 +0000},

Journal = {In A prac- tical approach to microarray data analysis},

Pages = {91--109},

Title = {Singular value decomposition and principal component analysis},

Year = {Springer, 2003}}

@article{shen2017adversarial,

title={Adversarial representation learning for domain adaptation},

author={Shen, Jian and Qu, Yanru and Zhang, Weinan and Yu, Yong},

journal={arXiv preprint arXiv:1707.01217},

year={2017}

}

@inproceedings{proedrou2002transductive,

title={Transductive confidence machines for pattern recognition},

author={Proedrou, Kostas and Nouretdinov, Ilia and Vovk, Volodya and Gammerman, Alex},

booktitle={European Conference on Machine Learning},

pages={381--390},

year={2002},

organization={Springer}

}

@inproceedings{ben2007analysis,

title={Analysis of representations for domain adaptation},

author={Ben-David, Shai and Blitzer, John and Crammer, Koby and Pereira, Fernando},

booktitle={NIPS},

//pages={137--144},

year={2007}

}


@article{pan2010survey,

title={A survey on transfer learning},

author={Pan, Sinno Jialin and Yang, Qiang},

journal={IEEE Transactions on knowledge and data engineering},

//volume={22},

//number={10},

//pages={1345--1359},

year={2010},

//publisher={IEEE}

}


@inproceedings{mansour2009domain,

title={Domain adaptation with multiple sources},

author={Mansour, Yishay and Mohri, Mehryar and Rostamizadeh, Afshin},

booktitle={NIPS},

//pages={1041--1048},

year={2009}

}


@inproceedings{chen2011automatic,

title={Automatic feature decomposition for single view co-training},

author={Chen, Minmin and Chen, Yixin and Weinberger, Kilian Q},

booktitle={ICML},

//pages={953--960},

year={2011}

}


@article{rozantsev2016beyond,

title={Beyond sharing weights for deep domain adaptation},

author={Rozantsev, Artem and Salzmann, Mathieu and Fua, Pascal},

journal={arXiv:1603.06432},

year={2016}

}


@article{tzeng2014deep,

title={Deep domain confusion: Maximizing for domain invariance},

author={Tzeng, Eric and Hoffman, Judy and Zhang, Ning and Saenko, Kate and Darrell, Trevor},

journal={arXiv:1412.3474},

year={2014}

}


@inproceedings{glorot2011domain,

title={Domain adaptation for large-scale sentiment classification: A deep learning approach},

author={Glorot, Xavier and Bordes, Antoine and Bengio, Yoshua},

booktitle={ICML},

//pages={513--520},

year={2011}

}


@article{chen2012marginalized,

title={Marginalized denoising autoencoders for domain adaptation},

author={Chen, Minmin and Xu, Zhixiang and Weinberger, Kilian and Sha, Fei},

journal={arXiv:1206.4683},

year={2012}

}


@inproceedings{zhuang2015supervised,

title={Supervised Representation Learning: Transfer Learning with Deep Autoencoders.},

author={Zhuang, Fuzhen and Cheng, Xiaohu and Luo, Ping and Pan, Sinno Jialin and He, Qing},

booktitle={IJCAI},

//pages={4119--4125},

year={2015}

}


@inproceedings{long2015learning,

title={Learning transferable features with deep adaptation networks},

author={Long, Mingsheng and Cao, Yue and Wang, Jianmin and Jordan, Michael},

booktitle={ICML},

//pages={97--105},

year={2015}

}


@article{ganin2016domain,

title={Domain-adversarial training of neural networks},

author={Ganin, Yaroslav and Ustinova, Evgeniya and Ajakan, Hana and Germain, Pascal and Larochelle, Hugo and Laviolette, Fran{\c{c}}ois and Marchand, Mario and Lempitsky, Victor},

journal={JMLR},

//volume={17},

//number={59},

//pages={1--35},

year={2016}

}


@inproceedings{goodfellow2014generative,

title={Generative adversarial nets},

author={Goodfellow, Ian and Pouget-Abadie, Jean and Mirza, Mehdi and Xu, Bing and Warde-Farley, David and Ozair, Sherjil and Courville, Aaron and Bengio, Yoshua},

booktitle={NIPS},

//pages={2672--2680},

year={2014}

}


@article{tzeng2017adversarial,

title={Adversarial discriminative domain adaptation},

author={Tzeng, Eric and Hoffman, Judy and Saenko, Kate and Darrell, Trevor},

journal={arXiv:1702.05464},

year={2017}

}


@article{arjovsky2017wasserstein,

title={Wasserstein gan},

author={Arjovsky, Martin and Chintala, Soumith and Bottou, L{\'e}on},

journal={arXiv:1701.07875},

year={2017}

}


@inproceedings{bousmalis2016domain,

title={Domain separation networks},

author={Bousmalis, Konstantinos and Trigeorgis, George and Silberman, Nathan and Krishnan, Dilip and Erhan, Dumitru},

booktitle={NIPS},

//pages={343--351},

year={2016}

}


@article{long2016deep,

title={Deep Learning of transferable representation for scalable Domain Adaptation},

author={Long, Mingsheng and Wang, Jianmin and Cao, Yue and Sun, Jiaguang and Philip, S Yu},

journal={TKDE},

//journal={TKDE},

//volume={28},

//number={8},

//pages={2027--2040},

year={2016},

//publisher={IEEE}

}


@article{huang2007correcting,

title={Correcting sample selection bias by unlabeled data},

author={Huang, Jiayuan and Smola, Alexander J and Gretton, Arthur and Borgwardt, Karsten M and Sch{\"o}lkopf, Bernhard and others},

journal={NIPS},

//journal={Advances in neural information processing systems},

//volume={19},

//pages={601},

year={2007},

//publisher={MIT; 1998}

}


@inproceedings{chen2011co,

title={Co-training for domain adaptation},

author={Chen, Minmin and Weinberger, Kilian Q and Blitzer, John},

booktitle={NIPS},

//pages={2456--2464},

year={2011}

}


@inproceedings{chu2013selective,

title={Selective transfer machine for personalized facial action unit detection},

author={Chu, Wen-Sheng and De la Torre, Fernando and Cohn, Jeffery F},

booktitle={CVPR},

//pages={3515--3522},

year={2013}

}


@inproceedings{duan2012exploiting,

title={Exploiting web images for event recognition in consumer videos: A multiple source domain adaptation approach},

author={Duan, Lixin and Xu, Dong and Chang, Shih-Fu},

booktitle={CVPR},

//pages={1338--1345},

year={2012},

organization={IEEE}

}


@article{weiss2016survey,

title={A survey of transfer learning},

author={Weiss, Karl and Khoshgoftaar, Taghi M and Wang, DingDing},

journal={Journal of Big Data},

//volume={3},

//number={1},

//pages={9},

year={2016},

//publisher={Springer}

}


@article{hoffman2014asymmetric,

title={Asymmetric and category invariant feature transformations for domain adaptation},

author={Hoffman, Judy and Rodner, Erik and Donahue, Jeff and Kulis, Brian and Saenko, Kate},

journal={IJCV},

//volume={109},

//number={1-2},

//pages={28--41},

year={2014},

//publisher={Springer}

}


@inproceedings{kandemir2015asymmetric,

title={Asymmetric transfer learning with deep gaussian processes},

author={Kandemir, Melih},

booktitle={ICML},

//pages={730--738},

year={2015}

}


@article{courty2017optimal,

title={Optimal transport for domain adaptation},

author={Courty, Nicolas and Flamary, R{\'e}mi and Tuia, Devis and Rakotomamonjy, Alain},

journal={IEEE transactions on pattern analysis and machine intelligence},

//volume={39},

//number={9},

//pages={1853--1865},

year={2017},

//publisher={IEEE}

}


@article{luo2017close,

title={Close Yet Distinctive Domain Adaptation},

author={Luo, Lingkun and Wang, Xiaofang and Hu, Shiqiang and Wang, Chao and Tang, Yuxing and Chen, Liming},

journal={arXiv:1704.04235},

year={2017}

}


@article{gretton2012kernel,

title={A kernel two-sample test},

author={Gretton, Arthur and Borgwardt, Karsten M and Rasch, Malte J and Sch{\"o}lkopf, Bernhard and Smola, Alexander},

journal={JMLR},

//volume={13},

//number={Mar},

//pages={723--773},

year={2012}

}


@inproceedings{sun2016return,

title={Return of Frustratingly Easy Domain Adaptation.},

author={Sun, Baochen and Feng, Jiashi and Saenko, Kate},

booktitle={AAAI},

//volume={6},

//number={7},

//pages={8},

year={2016}

}


@inproceedings{sun2016deep,

title={Deep coral: Correlation alignment for deep domain adaptation},

author={Sun, Baochen and Saenko, Kate},

booktitle={ECCV 2016 Workshops},

//pages={443--450},

year={2016},

organization={Springer}

}


@article{ben2010theory,

title={A theory of learning from different domains},

author={Ben-David, Shai and Blitzer, John and Crammer, Koby and Kulesza, Alex and Pereira, Fernando and Vaughan, Jennifer Wortman},

journal={Machine learning},

//volume={79},

//number={1},

//pages={151--175},

year={2010},

//publisher={Springer}

}


@article{ajakan2014domain,

title={Domain-adversarial neural networks},

author={Ajakan, Hana and Germain, Pascal and Larochelle, Hugo and Laviolette, Fran{\c{c}}ois and Marchand, Mario},

journal={arXiv:1412.4446},

year={2014}

}


@inproceedings{courty2014domain,

title={Domain adaptation with regularized optimal transport},

author={Courty, Nicolas and Flamary, R{\'e}mi and Tuia, Devis},

booktitle={ECML/PKDD},

//pages={274--289},

year={2014},

//organization={Springer}

}


@article{redko2016theoretical,

title={Theoretical Analysis of Domain Adaptation with Optimal Transport},

author={Redko, Ievgen and Habrard, Amaury and Sebban, Marc},

journal={arXiv:1610.04420},

year={2016}

}


@book{villani2008optimal,

title={Optimal transport: old and new},

author={Villani, C{\'e}dric},

//volume={338},

year={2008},

//publisher={Springer Science \& Business Media}

}


@article{gulrajani2017improved,

title={Improved training of wasserstein gans},

author={Gulrajani, Ishaan and Ahmed, Faruk and Arjovsky, Martin and Dumoulin, Vincent and Courville, Aaron},

journal={arXiv:1704.00028},

year={2017}

}


@inproceedings{narayanan2010sample,

title={Sample complexity of testing the manifold hypothesis},

author={Narayanan, Hariharan and Mitter, Sanjoy},

booktitle={NIPS},

//pages={1786--1794},

year={2010}

}


@article{bolley2007quantitative,

title={Quantitative concentration inequalities for empirical measures on non-compact spaces},

author={Bolley, Fran{\c{c}}ois and Guillin, Arnaud and Villani, C{\'e}dric},

journal={Probability Theory and Related Fields},

//volume={137},

//number={3},

//pages={541--593},

year={2007},

//publisher={Springer}

}


@inproceedings{blitzer2007biographies,

title={Biographies, bollywood, boom-boxes and blenders: Domain adaptation for sentiment classification},

author={Blitzer, John and Dredze, Mark and Pereira, Fernando and others},

booktitle={ACL},

//volume={7},

//pages={440--447},

year={2007}

}


@inproceedings{gong2012geodesic,

title={Geodesic flow kernel for unsupervised domain adaptation},

author={Gong, Boqing and Shi, Yuan and Sha, Fei and Grauman, Kristen},

booktitle={CVPR},

//booktitle={Computer Vision and Pattern Recognition (CVPR), 2012 IEEE Conference on},

//pages={2066--2073},

year={2012},

organization={IEEE}

}


@inproceedings{donahue2014decaf,

title={Decaf: A deep convolutional activation feature for generic visual recognition},

author={Donahue, Jeff and Jia, Yangqing and Vinyals, Oriol and Hoffman, Judy and Zhang, Ning and Tzeng, Eric and Darrell, Trevor},

booktitle={ICML},

//pages={647--655},

year={2014}

}


@InProceedings{Long_2013_ICCV,

author = {Long, Mingsheng and Wang, Jianmin and Ding, Guiguang and Sun, Jiaguang and Yu, Philip S.},

title = {Transfer Feature Learning with Joint Distribution Adaptation},

booktitle = {The IEEE International Conference on Computer Vision (ICCV)},

month = {December},

year = {2013}

}